% BibTeX references for IDAA 2025 paper
% Save this file as: references.bib
% Then in your .tex file, replace the \begin{thebibliography} section with:
% \bibliography{references}

@article{ramesh2022hierarchical,
  title={Hierarchical text-conditional image generation with CLIP latents},
  author={Ramesh, Aditya and Dhariwal, Prafulla and Nichol, Alex and Chu, Casey and Chen, Mark},
  journal={arXiv preprint arXiv:2204.06125},
  year={2022}
}

@inproceedings{rombach2022high,
  title={High-resolution image synthesis with latent diffusion models},
  author={Rombach, Robin and Blattmann, Andreas and Lorenz, Dominik and Esser, Patrick and Ommer, Bj{\"o}rn},
  booktitle={Proceedings of the IEEE/CVF Conference on Computer Vision and Pattern Recognition},
  pages={10684--10695},
  year={2022}
}

@article{tolosana2020deepfakes,
  title={Deepfakes and beyond: A survey of face manipulation and fake detection},
  author={Tolosana, Ruben and Vera-Rodriguez, Ruben and Fierrez, Julian and Morales, Aythami and Ortega-Garcia, Javier},
  journal={Information Fusion},
  volume={64},
  pages={131--148},
  year={2020},
  publisher={Elsevier}
}

@inproceedings{wang2020cnn,
  title={CNN-generated images are surprisingly easy to spot... for now},
  author={Wang, Sheng-Yu and Wang, Oliver and Zhang, Richard and Owens, Andrew and Efros, Alexei A},
  booktitle={Proceedings of the IEEE/CVF Conference on Computer Vision and Pattern Recognition},
  pages={8695--8704},
  year={2020}
}

@inproceedings{rossler2019faceforensics,
  title={FaceForensics++: Learning to detect manipulated facial images},
  author={R{\"o}ssler, Andreas and Cozzolino, Davide and Verdoliva, Luisa and Riess, Christian and Thies, Justus and Nie{\ss}ner, Matthias},
  booktitle={Proceedings of the IEEE/CVF International Conference on Computer Vision},
  pages={1--11},
  year={2019}
}

@article{sha2023fake,
  title={DE-FAKE: Detection and attribution of fake images generated by text-to-image diffusion models},
  author={Sha, Zeyang and Li, Zheng and Yu, Ning and Zhang, Yang},
  journal={arXiv preprint arXiv:2210.06998},
  year={2023}
}

@inproceedings{li2020face,
  title={In ictu oculi: Exposing AI created fake videos by detecting eye blinking},
  author={Li, Yuezun and Chang, Ming-Ching and Lyu, Siwei},
  booktitle={2018 IEEE International Workshop on Information Forensics and Security (WIFS)},
  pages={1--7},
  year={2018},
  organization={IEEE}
}

@article{nataraj2019detecting,
  title={Detecting GAN generated fake images using co-occurrence matrices},
  author={Nataraj, Lakshmanan and Mohammed, Tajuddin Manhar and Manjunath, BS and Chandrasekaran, Shivkumar and Flenner, Arjuna and Bappy, Jawadul H and Roy-Chowdhury, Amit K},
  journal={Electronic Imaging},
  volume={2019},
  number={5},
  pages={532--1},
  year={2019},
  publisher={Society for Imaging Science and Technology}
}

@inproceedings{marra2019detection,
  title={Detection of GAN-generated fake images over social networks},
  author={Marra, Francesco and Gragnaniello, Diego and Cozzolino, Davide and Verdoliva, Luisa},
  booktitle={2018 IEEE Conference on Multimedia Information Processing and Retrieval (MIPR)},
  pages={384--389},
  year={2018},
  organization={IEEE}
}

@article{goodfellow2020generative,
  title={Generative adversarial networks},
  author={Goodfellow, Ian and Pouget-Abadie, Jean and Mirza, Mehdi and Xu, Bing and Warde-Farley, David and Ozair, Sherjil and Courville, Aaron and Bengio, Yoshua},
  journal={Communications of the ACM},
  volume={63},
  number={11},
  pages={139--144},
  year={2020},
  publisher={ACM New York, NY, USA}
}

@inproceedings{karras2019style,
  title={A style-based generator architecture for generative adversarial networks},
  author={Karras, Tero and Laine, Samuli and Aila, Timo},
  booktitle={Proceedings of the IEEE/CVF Conference on Computer Vision and Pattern Recognition},
  pages={4401--4410},
  year={2019}
}

@article{kingma2021variational,
  title={An introduction to variational autoencoders},
  author={Kingma, Diederik P and Welling, Max},
  journal={Foundations and Trends in Machine Learning},
  volume={12},
  number={4},
  pages={307--392},
  year={2019},
  publisher={Now Publishers, Inc.}
}

@article{ho2020denoising,
  title={Denoising diffusion probabilistic models},
  author={Ho, Jonathan and Jain, Ajay and Abbeel, Pieter},
  journal={Advances in Neural Information Processing Systems},
  volume={33},
  pages={6840--6851},
  year={2020}
}

@article{radford2021learning,
  title={Learning transferable visual models from natural language supervision},
  author={Radford, Alec and Kim, Jong Wook and Hallacy, Chris and Ramesh, Aditya and Goh, Gabriel and Agarwal, Sandhini and Sastry, Girish and Askell, Amanda and Mishkin, Pamela and Clark, Jack and others},
  journal={arXiv preprint arXiv:2103.00020},
  year={2021}
}

@inproceedings{cozzolino2019noiseprint,
  title={Noiseprint: a CNN-based camera model fingerprint},
  author={Cozzolino, Davide and Verdoliva, Luisa},
  booktitle={IEEE Transactions on Information Forensics and Security},
  volume={15},
  pages={144--159},
  year={2019},
  organization={IEEE}
}
